<record><leader>00000cas a22000007a 4500</leader><controlfield tag="001">13776029</controlfield><controlfield tag="008">860625d18901893nvuwr ne      0    0eng d</controlfield><datafield ind1=" " ind2=" " tag="010"><subfield code="a">sn 86076256 </subfield></datafield><datafield ind1=" " ind2=" " tag="040"><subfield code="a">NNX</subfield><subfield code="b">eng</subfield><subfield code="c">NNX</subfield><subfield code="d">CNK</subfield><subfield code="d">OCLCQ</subfield></datafield><datafield ind1=" " ind2=" " tag="042"><subfield code="a">msc</subfield></datafield><datafield ind1="0" ind2=" " tag="130"><subfield code="a">People's advocate (Austin, Nev. : 1890)</subfield></datafield><datafield ind1="1" ind2="0" tag="245"><subfield code="a">People's advocate.</subfield></datafield><datafield ind1=" " ind2=" " tag="260"><subfield code="a">Austin, Nev. :</subfield><subfield code="b">People's Advocate Co.,</subfield><subfield code="c">1890-1893.</subfield></datafield><datafield ind1=" " ind2=" " tag="300"><subfield code="a">3 v.</subfield></datafield><datafield ind1=" " ind2=" " tag="310"><subfield code="a">Semiweekly,</subfield><subfield code="b">Jan. 28, 1891-Jan. 21, 1893</subfield></datafield><datafield ind1=" " ind2=" " tag="321"><subfield code="a">Weekly,</subfield><subfield code="b">Dec. 3, 1890-Jan. 21, 1891</subfield></datafield><datafield ind1="0" ind2=" " tag="362"><subfield code="a">Vol. 1, no. 1 (Dec. 3, 1890)-v. 3, no. 6 (Jan. 21, 1893).</subfield></datafield><datafield ind1=" " ind2=" " tag="515"><subfield code="a">Vol. 1, no. 51 lacks vol. number.</subfield></datafield><datafield ind1=" " ind2=" " tag="752"><subfield code="a">United States</subfield><subfield code="b">Nevada</subfield><subfield code="c">Lander</subfield><subfield code="d">Austin.</subfield></datafield><datafield ind1="0" ind2="4" tag="785"><subfield code="t">Reese river reveille (Austin, Nev. : 1869)</subfield><subfield code="w">(DLC)sn 84022037</subfield><subfield code="w">(OCoLC)10266088</subfield></datafield></record>